@article{harvard1,
	author =       "George V. Lauder",
	title =        "Fish biorobotics: kinematics and hydrodynamics of self-propulsion",
	journal =      "Journal of Experimental Biology",
	volume =       "210",
	pages =        "2767--2780",
	year =         "2007",
}
@article{yu,
	author =       "Junzhi Yu and Min Tan and Shuo Wang and Erkui Chen",
	title =        "Development of a Biomimetic Robotic
Fish and Its Control Algorithm",
	journal =      "IEEE TRANSACTIONS ON SYSTEMS, MAN, AND CYBERNETICS",
	volume =       "34",
	pages =        "1798--1810",
	year =         "2004",
}
@article{hu,
	author =       "Huosheng Hu",
	title =        "Biologically Inspired Design of Autonomous Robotic Fish at Essex",
	journal =      "Proceedings of the IEEE SMC UK-RI Chapter Conference on Advances in Cybernetic Systems",
	year =         "2006",
}
@article{tan,
	author =       "Xiaobo Tan and Drew Kim and Nathan Usher and Dan Laboy and Joel Jackson and Azra Kapetanovic and Jason Rapai and Beniamin Sabadus and Xin Zhou",
	title =        "An Autonomous Robotic Fish for Mobile Sensing",
	journal =      "Proceedings of the 2006 IEEE/RSJ International Conference on Intelligent Robots and Systems",
	year =         "2006",
}
@article{weisfogh,
	author =       "Torkel Weis-Fogh",
	title =        "Quick Estimates of Flight Fitness in Hovering Animals, Including Novel Mechanisms for Lift Production",
	journal =      "Journal of Experimental Biology",
	volume = "59",
	pages = "169--230",
	year = "1973",
}
@article{ellington,
	author = "Charles P. Ellington and Coen van den Berg and Alexander P. Willmott and Adrian L. R. Thomas",
	title = "Leading-edge Vortices in Insect Flight",
	journal = "Nature",
	volume = "384",
	pages = "626--630",
	year = "1996",
}
@article{dickinson,
	author = "Michael H. Dickinson and Fritz-Olaf Lehmann and Sanjay P. Sane",
	title = "Wing Rotation and the Aerodynamic Basis of Insect Flight",
	journal = "Science",
	volume = "284",
	pages = "1954--1960",
	year = "1999",
}
@article{sane,
	author = "Sanjay P. Sane and Michael H. Dickinson",
	title = "The Control of Flight Force by a Flapping Wing: Lift and Drag Production",
	journal = "Journal of Experimental Biology",
	volume = "204",
	pages = "2607--2626",
	year = "2001",
}
@mastersthesis{bimo,
	author={Yohanes Bimo Dwianto},
	title={Surrogate Assisted Genetic Algorithm for Expensive Fluid Flow Optimization},
	school={Institut Teknologi Bandung},
	address={Indonesia},
	year={2015},
}
@mastersthesis{dea,
	author={Dea Daniella},
	title={Experimental Optimization of 2-D Flapping Plate Kinematics Using Global Surrogate-Assisted Genetic Algorithm With Kriging},
	school={Institut Teknologi Bandung},
	address={Indonesia},
	year={2015},
}
@mastersthesis{stepen,
	author={Stepen},
	title={Development, Evaluation, and Application of Image Processing Code for Digital Particle Image Velocimetry (DPIV)},
	school={Institut Teknologi Bandung},
	address={Indonesia},
	year={2011},
}
@mastersthesis{hiroki,
	author={Hiroki Tanioka},
	title={Maximizing the Hydrodynamical Performance of Caudal Fin Panel Using Global Surrogate Assisted Genetic Algorithm with Kriging},
	school={Institut Teknologi Bandung},
	address={Indonesia},
	year={2016},
}
@mastersthesis{luqman,
	author={Luqman Fathurrohim},
	title={Maximizing the Thrust Performance of Flexible Caudal Fin Panels Using Global Surrogate Assisted Genetic Algorithm with Kriging},
	school={Institut Teknologi Bandung},
	address={Indonesia},
	year={2016},
}
@article{lauder1,
	author =       "George V. Lauder and Peter G.A. Madden",
	title =        "Learning from Fish: Kinematics and Experimental Hydrodynamics for Roboticists",
	journal =      "International Journal of Automation and Computing",
	volume =       "4",
	pages =        "325--335",
	year =         "2006",
}
@article{magnuson,
  author  = {J.J Magnuson}, 
  title   = {Locomotion by Scombrid Fishes: Hydromechanics, Morphology, and Behavior},
  journal = {Fish Physiology},
  year    = 1978,
  pages   = {240-308},
  note    = {Academic Press, Inc.}, 
  volume  = 7
}
@article{sfakiotakis,
	author =  "Michael  Sfakiotakis and  David  M.  Lane  and  J.  B.  C.  Davies",
	title = "Review of Fish Swimming  Modes for Aquatic Locomotion",
	journal = "IEEE Journal of Oceanic Engineering",
	volume = "24",
	pages = "237--252",
	year = "1999",
}
@article{anderson,
	author = "J. M. Anderson and K. Streitlien and D. S. Barrett and M. S. Triantafyllou",
	title = "Oscillating foils of high propulsive efficiency",
	journal = "Journal of Fluid Mechanics",
	volume = "360",
	pages = "41--72",
	year = "1998",
}
@article{borazjani,
	author = "Iman Borazjani and Fotis Sotiropoulos",
	title = "Numerical investigation of the hydrodynamics of carangiform swimming in the transitional and inertial flow regimes",
	journal = "Journal of Experimental Biology",
	volume = "211",
	pages = "1541--1558",
	year = "2008",
}
@article{sane2,
	author = "Sanjay P. Sane",
	title = "The Aerodynamics of Flapping Flight",
	journal = "Journal of Experimental Biology",
	volume = "206",
	pages = "4191--4208",
	year = "2003",
}
@article{shyy,
	author = "W. Shyy and H. Aono and S. K. Chimakurthi and P. Trizila and C. K. Kang and C. E. Cesnik and H. Liu",
	title = "Recent Progress in Flapping Wing Aerodynamics and Aeroelasticity",
	journal = "Progress in Aerospace Sciences",
	volume = "46",
	pages = "284--327",
	year = "2010",
}
@mastersthesis{adhynugraha,
	author={M. I. Adhynugraha},
	title={Optimization of Airfoil of Wing in Ground Effect Using Genetic Algorithm},
	school={Institut Teknologi Bandung},
	address={Indonesia},
	year={2009},
}
@article{dwianto2,
	author = "Y. B. Dwianto and P. S. Palar and L. R. Zuhal",
	title = "Evolutionary Algorithm Based Multi-Objective Aerodynamic Optimization Method for Low Reynolds Number Airfoil",
	journal = "Applied Mechanics and Material",
	volume = "660",
	pages = "487--491",
	year = "2014",
}
@mastersthesis{nguyen,
	author={H. L. Nguyen},
	title={Vortex Interaction and Force Generation in Flapping Flight},
	school={Institut Teknologi Bandung},
	address={Indonesia},
	year={2009},
}
@mastersthesis{nguyen2,
	author={Q. N. Nguyen},
	title={Drag Due to Vortex Formation on Normal Flat Plate},
	school={Institut Teknologi Bandung},
	address={Indonesia},
	year={2006},
}
@mastersthesis{wuwung,
	author={V. S. Wuwung},
	title={Two Dimensional Particle Image Velocimetry Measurement on The Downstroke Flapping Wing},
	school={Institut Teknologi Bandung},
	address={Indonesia},
	year={2008},
}
@conference{palar,
    author    = "P. S. Palar and L. R. Zuhal",
    title     = "Flow Field Around Asymmetric Flapping Flat Plate Optimized Using Micro Genetic Algorithm",
    booktitle = "52nd AIAA Aerospace Sciences Meeting - AIAA Science and Technology Forum and Exposition (SciTech)",
    address  = "National Harbor, MD",
    year      = "2014",
    publisher= "American Institute of Aeronautics and Astronautics, Inc",
}
@mastersthesis{palar2,
	author={P. S. Palar},
	title={Experimental Optimization of Asymmetric Hovering Flapping Flat Plate using Hybrid Artificial Evolution},
	school={Institut Teknologi Bandung},
	address={Indonesia},
	year={2012},
}
@INPROCEEDINGS{lauder2,
   	author = {{Lauder}, G.},
   	title = "{Fish locomotion: insights from both simple and complex mechanical models}",
	booktitle = {APS Meeting Abstracts},
    year = 2015,
    month = nov,
   	adsurl ={http://adsabs.harvard.edu/abs/2015APS..DFDC34001L},
  	adsnote = {Provided by the SAO/NASA Astrophysics Data System}
}
@article{nauen,
	author = "J. C. Nauen and G. V. Lauder",
	title = "Hydrodynamics of caudal fin locomotion by chub mackerel, Scomber japonicus (Scombridae)",
	journal = "The Journal of Experimental Biology",
	volume = "205",
	pages = "1709--1724",
	year = "2002",
}
@book{haupt,
    author    = "R. L. Haupt and S. E. Haupt",
    title     = "Practical Genetic Algorithms",
    year      = "2004",
    publisher = "John Wiley and Sons",
    address   = "Hoboken, New Jersey"
}
@article{deb,
	author = "K. Deb and A. Kumar",
	title = "Real-Coded Genetic Algorithms with Simulated Binary Crossover: Studies on Multimodal and Multiobjective Problems",
	journal = "Complex Systems",
	volume = "9",
	pages = "431--454",
	year = "1995",
}
@article{ong,
	author = "Yew S. Ong and Prasanth B. Nair and Andrew J. Keane",
	title = "Evolutionary Optimization of Computationally Expensive Problems via Surrogate Modeling",
	journal = "AIAA Journal",
	volume = "41",
	pages = "687--696",
	year = "2003",
}
@article{sacks,
	author = "J. Sacks and W. Welch and T. J. Mitchell and H. P. Wynn",
	title = "Design and Analysis of Computer Experiments",
	journal = "Statistical Science",
	volume = "4",
	pages = "409--435",
	year = "1989",
}
@article{williams,
	author = "C. K. I. Williams and C. E. Rasmussen",
	title = "Gaussian Processes for Regression",
	journal = "Advances in Neural Information Processing System",
	volume = "8",
	pages = "514--520",
	year = "1996",
}
@book{forrester,
    author    = "A. I. Forrester and A. Sobester and A. J. Keane",
    title     = "Engineering Design via Surrogate Modelling: A Practical Guide",
    year      = "2008",
    publisher = "John Wiley and Sons",
    address   = "Wiltshire"
}
@book{raffel,
    author    = "M. Raffel and C. E. Willert and S. Wereley and J. Kompenhans",
    title     = "Particle Image Velocimetry: A Practical Guide",
    year      = "2007",
    publisher = "Springer",
    address   = "New York"
}
@article{brossard,
	author = "C. Brossard and J.C. Monnier and P. Barricau and F.X. Vandernoot and Y. Le Sant, F. Champagnat and G. Le Besnerais",
	title = "Principles and applications of particle image velocimetry",
	journal = "AerospaceLab",
	pages = "1--11",
	year = "2009",
}
@article{Esposito56,
	author = "Esposito, Christopher J. and Tangorra, James L. and Flammang, Brooke E. and Lauder, George V.",
	title = "A robotic fish caudal fin: effects of stiffness and motor program on locomotor performance",
	journal = "Journal of Experimental Biology",
	volume = "215",
	pages = "56--67",
	year = "2012"
}
@article{zhushoele,
	author = "Qiang Zhu and Kourosh Shoele",
	title = "Propulsion performance of a skeleton-strengthened fin",
	journal = "Journal of Experimental Biology",
	volume = "211",
	pages = "2087--2011",
	year = "2008"
}
@article{akhtar,
	author = "I. Akhtar and R. Mittal and G. V. Lauder and E. Drucker",
	title = "Hydrodynamics of a biologically inspired tandem flapping foil configuration",
	journal = "Theoretical and Computational Fluid Dynamics",
	volume = "21",
	pages = "155--170",
	year = "2007"
}
@article{aiello,
	author = "Brett R. Aiello and Adam R. Hardy and Chery Cherian and Aaron M. Olsen and Courtney P. Orsbon and Melina E. Hale and Mark W. Westneat",
	title = "A comparison of pectoral fin ray morphology and its impact on fin ray flexural stiffness in labriform swimmers",
	journal = "Journal of Morphology",
	volume = "279",
	pages = "1031--1044",
	year = "2018"
}
@article{wootton,
	author = "Robin J. Wootton",
	title = "Functional Morphology of Insect Wings",
	journal = "Annual Review of Entomology",
	volume = "37",
	pages = "113--140",
	year = "1992"
}
@article{ennos,
	author = "A. Roland Ennos",
	title = "The Importance of Torsion in the Design of Insect Wings",
	journal = "Journal of Experimental Biology",
	volume = "140",
	pages = "137--160",
	year = "1988"
}
@mastersthesis{kadal,
	author={Ghifari Adam Faza},
	title={Multi-Objective Kriging-Based Optimization for Modern Wind Turbine Design},
	school={Institut Teknologi Bandung},
	address={Indonesia},
	year={2018},
}